@article{CSMD,
author = {P Robustelli and K Kohlhoff and A Cavalli and M Vendruscolo},
title = {Using NMR Chemical Shifts as Structural Restraints in Molecular Dynamics Simulations of Proteins},
journal = {Structure},
volume = {18},
pages = {923-933},
year = {2010}
}


@article{CamShift,
author = {K J Kohlhoff and P Robustelli and A Cavalli and X Salvatella and M Vendruscolo},
journal = {J. Am. Chem. Soc.},
pages = {13894-13895},
title = {Fast and Accurate Predictions of Protein {NMR} Chemical Shifts from Interatomic Distances},
volume = {131},
year = {2009},
}
